<?xml version="1.0" encoding="UTF-8"?><collection xmlns="http://www.loc.gov/MARC21/slim"><record><leader>00671nam--2200193-u-4500</leader><controlfield tag="001">000056263</controlfield><controlfield tag="002">20161230</controlfield><controlfield tag="005">20161230201052</controlfield><controlfield tag="008">150319s1000------------r-----000-0-eng-d</controlfield><datafield ind1=" " ind2=" " tag="040"><subfield code="a">IFIN-HH</subfield></datafield><datafield ind1=" " ind2=" " tag="080"><subfield code="a">530.1:539.123/124</subfield></datafield><datafield ind1="1" ind2=" " tag="100"><subfield code="a">Levy, Maurice</subfield></datafield><datafield ind1="1" ind2="0" tag="245"><subfield code="a">Hadron structure and lepton-hadron and lepton-hadron interactions cargese 1977</subfield><subfield code="c">Maurice levy, jean-louis basdevant, david speiser, jacques weyes, raymand gastmans, jeanzinn-justin (eds.)</subfield></datafield><datafield ind1=" " ind2=" " tag="260"><subfield code="a">New York</subfield><subfield code="b">Plenum Press</subfield><subfield code="c">1979</subfield></datafield><datafield ind1=" " ind2=" " tag="300"><subfield code="a">VIII+736P</subfield></datafield><datafield ind1=" " ind2=" " tag="490"><subfield code="a">Nato Advanced Study Institutes Series, 39</subfield></datafield><datafield ind1="1" ind2=" " tag="700"><subfield code="a">Zinn-justin, Jean</subfield><subfield code="e">Ed</subfield></datafield><datafield ind1=" " ind2=" " tag="852"><subfield code="a">42270</subfield><subfield code="c">53</subfield></datafield><datafield ind1=" " ind2=" " tag="CAT"><subfield code="a">Sys</subfield><subfield code="c">20150319</subfield><subfield code="h">144633</subfield></datafield></record></collection>